<record><leader>00000cas a2200000 a 4500</leader><controlfield tag="001">1760669</controlfield><controlfield tag="008">751101d18411844nyumr ne      0   a0eng c</controlfield><datafield ind1=" " ind2=" " tag="010"><subfield code="a">sn 86077234 </subfield></datafield><datafield ind1=" " ind2=" " tag="040"><subfield code="a">MUL</subfield><subfield code="b">eng</subfield><subfield code="c">MUL</subfield><subfield code="d">NYS</subfield><subfield code="d">NYG</subfield><subfield code="d">NPA</subfield><subfield code="d">DLC</subfield><subfield code="d">NST</subfield><subfield code="d">NYS</subfield><subfield code="d">NVK</subfield><subfield code="d">OCL</subfield><subfield code="d">NYS</subfield><subfield code="d">GUA</subfield><subfield code="d">OCLCQ</subfield><subfield code="d">OCLCF</subfield><subfield code="d">OCLCO</subfield></datafield><datafield ind1=" " ind2=" " tag="012"><subfield code="i">9009</subfield></datafield><datafield ind1=" " ind2=" " tag="022"><subfield code="a">0029-3148</subfield></datafield><datafield ind1="1" ind2=" " tag="029"><subfield code="a">AU@</subfield><subfield code="b">000020128296</subfield></datafield><datafield ind1=" " ind2=" " tag="042"><subfield code="a">pcc</subfield></datafield><datafield ind1=" " ind2=" " tag="043"><subfield code="a">n-us-ny</subfield></datafield><datafield ind1=" " ind2=" " tag="092"><subfield code="a">051</subfield><subfield code="b">qN87l</subfield></datafield><datafield ind1="0" ind2=" " tag="130"><subfield code="a">Northern light (Albany, N.Y.)</subfield></datafield><datafield ind1="1" ind2="4" tag="245"><subfield code="a">The northern light.</subfield></datafield><datafield ind1=" " ind2=" " tag="260"><subfield code="a">Albany, N.Y. :</subfield><subfield code="b">[Charles Van Benthuysen],</subfield><subfield code="c">1841-1844.</subfield></datafield><datafield ind1=" " ind2=" " tag="300"><subfield code="a">4 v. :</subfield><subfield code="b">ill. ;</subfield><subfield code="c">33 cm.</subfield></datafield><datafield ind1=" " ind2=" " tag="310"><subfield code="a">Monthly</subfield></datafield><datafield ind1="0" ind2=" " tag="362"><subfield code="a">Vol. 1, no. 1 (Apr. 1841)-v. 4, no. 5 (Sept. 1844).</subfield></datafield><datafield ind1=" " ind2=" " tag="500"><subfield code="a">"Devoted to free discussion, and to the diffusion of useful knowledge, miscellaneous literature and general intelligence."</subfield></datafield><datafield ind1=" " ind2=" " tag="530"><subfield code="a">Available on microfilm from University Microfilms (American periodical series: 1800-1850); also available online.</subfield></datafield><datafield ind1=" " ind2="0" tag="651"><subfield code="a">Albany (N.Y.)</subfield><subfield code="v">Newspapers.</subfield></datafield><datafield ind1=" " ind2="0" tag="651"><subfield code="a">Albany County (N.Y.)</subfield><subfield code="v">Newspapers.</subfield></datafield><datafield ind1=" " ind2="7" tag="655"><subfield code="a">Newspapers.</subfield><subfield code="2">fast</subfield><subfield code="0">(OCoLC)fst01423814</subfield></datafield><datafield ind1=" " ind2="7" tag="651"><subfield code="a">New York (State)</subfield><subfield code="z">Albany.</subfield><subfield code="2">fast</subfield><subfield code="0">(OCoLC)fst01225716</subfield></datafield><datafield ind1=" " ind2="7" tag="651"><subfield code="a">New York (State)</subfield><subfield code="z">Albany County.</subfield><subfield code="2">fast</subfield><subfield code="0">(OCoLC)fst01210357</subfield></datafield><datafield ind1=" " ind2=" " tag="752"><subfield code="a">United States</subfield><subfield code="b">New York</subfield><subfield code="c">Albany</subfield><subfield code="d">Albany.</subfield></datafield><datafield ind1="1" ind2=" " tag="776"><subfield code="t">Northern light (Albany, N.Y.)</subfield><subfield code="w">(DLC)sf 88092040</subfield><subfield code="w">(OCoLC)6951041</subfield></datafield><datafield ind1="1" ind2=" " tag="776"><subfield code="t">Northern light (Albany, N.Y. : Online)</subfield><subfield code="w">(DLC)  2008266646</subfield><subfield code="w">(OCoLC)54990156</subfield></datafield><datafield ind1="0" ind2="8" tag="776"><subfield code="i">Online version:</subfield><subfield code="t">Northern light (Albany, N.Y.)</subfield><subfield code="w">(OCoLC)656605462</subfield></datafield><datafield ind1=" " ind2=" " tag="850"><subfield code="a">MnU</subfield><subfield code="a">NcD</subfield></datafield><datafield ind1="4" ind2="1" tag="856"><subfield code="u">http://proquest.umi.com/pqdweb</subfield></datafield><datafield ind1=" " ind2=" " tag="936"><subfield code="a">Apr. 1844 (surrogate)</subfield></datafield></record>